@inproceedings{
	Cremers08patternRefinement,
	author     =  {Cremers, Cas J.F.},
	title      =  {Unbounded verification, falsification, and characterization of security protocols by pattern refinement},
	booktitle  =  {CCS '08: Proceedings of the 15th ACM Conference on Computer and Communications Security},
	year       =  {2008},
	isbn       =  {978-1-59593-810-7},
	pages      =  {119-128},
	location   =  {Alexandria, Virginia, USA},
	doi        =  {http://doi.acm.org/10.1145/1455770.1455787},
	publisher  =  {ACM},
	address    =  {New York},
}

@book{
	Harrison09practicalLogicHandbook,
	author     =  {John Harrison},
	title      =  {Handbook of Practical Logic and Automated Reasoning},
	publisher  =  {Cambridge University Press},
	year       =  {2009},
	address    =  {New York},
	isbn       =  {978-0-521-89957-4}
}

@book{
	HuthRyan04logic,
	author     =  {Michael Huth and Mark Ryan},
	title      =  {Logic in Computer Science: Modelling and Reasoning about Systems},
	publisher  =  {Cambridge University Press},
	year       =  {2004},
	address    =  {New York},
	edition    =  {Second},
	isbn       =  {978-0-521-54310-1}
}

@book{
	Hutton07haskell,
	author     =  {Graham Hutton},
	title      =  {Programming in Haskell},
	publisher  =  {Cambridge University Press},
	year       =  {2007},
	address    =  {New York},
	isbn       =  {978-0-521-69269-4}
}

@article{
	Fagin05dataExchangeCore,
	author     =  {Fagin, Ronald and Kolaitis, Phokion G. and Popa, Lucian},
	title      =  {Data exchange: getting to the core},
	journal    =  {ACM Trans. Database Syst.},
	volume     =  {30},
	number     =  {1},
	year       =  {2005},
	issn       =  {0362-5915},
	pages      =  {174-210},
	doi        =  {http://doi.acm.org/10.1145/1061318.1061323},
	publisher  =  {ACM},
	address    =  {New York}
 }

@incollection {
	Bezem05automatingCoherentLogic,
	author       =  {Bezem, Marc and Coquand, Thierry},
	affiliation  =  {Department of Computer Science, University of Bergen, P.O. Box 7800, N-5020 Bergen Norway Norway},
	title        =  {Automating Coherent Logic},
	booktitle    =  {Logic for Programming, Artificial Intelligence, and Reasoning},
	series       =  {Lecture Notes in Computer Science},
	editor       =  {Sutcliffe, Geoff and Voronkov, Andrei},
	publisher    =  {Springer Berlin / Heidelberg},
	pages        =  {246-260},
	volume       =  {3835},
	url          =  {http://dx.doi.org/10.1007/11591191_18},
	year         =  {2005}
}

@incollection {
	Fagin02dataExchange,
	author       =  {Fagin, Ronald and Kolaitis, Phokion and Miller, Renée and Popa, Lucian},
	affiliation  =  {IBM Almaden Research Center USA},
	title        =  {Data Exchange: Semantics and Query Answering},
	booktitle    =  {Database Theory ICDT 2003},
	series       =  {Lecture Notes in Computer Science},
	editor       =  {Calvanese, Diego and Lenzerini, Maurizio and Motwani, Rajeev},
	publisher    =  {Springer Berlin / Heidelberg},
	pages        =  {207-224},
	volume       =  {2572},
	url          =  {http://dx.doi.org/10.1007/3-540-36285-1_14},
	year         =  {2002}
}

@ARTICLE{
	Guttman02authenticationTests,
	author       =  {Joshua D. Guttman and F. Javier and F. Javier Thayer Fàbrega},
    title        =  {Authentication Tests and the Structure of Bundles},
    journal      =  {Theoretical Computer Science},
    year         =  {2002},
    volume       =  {283},
    pages        =  {2002}
}
